<record><leader>00000cas a22000007a 4500</leader><controlfield tag="001">40634736</controlfield><controlfield tag="008">990116d19961997inuwr ne      0    0eng d</controlfield><controlfield tag="009">5452</controlfield><datafield ind1=" " ind2=" " tag="010"><subfield code="a">sn 98063101 </subfield></datafield><datafield ind1=" " ind2=" " tag="040"><subfield code="a">NPI</subfield><subfield code="b">eng</subfield><subfield code="c">NPI</subfield></datafield><datafield ind1=" " ind2=" " tag="042"><subfield code="a">msc</subfield></datafield><datafield ind1="0" ind2="0" tag="245"><subfield code="a">Tri-county news Sunday.</subfield></datafield><datafield ind1="3" ind2="0" tag="246"><subfield code="a">Tri-county news</subfield></datafield><datafield ind1=" " ind2=" " tag="260"><subfield code="a">Washington, Ind. :</subfield><subfield code="b">Daviess County Pub. Inc.,</subfield><subfield code="c">1996-1997.</subfield></datafield><datafield ind1=" " ind2=" " tag="300"><subfield code="a">2 v. :</subfield><subfield code="b">ill.</subfield></datafield><datafield ind1=" " ind2=" " tag="310"><subfield code="a">Weekly</subfield></datafield><datafield ind1="0" ind2=" " tag="362"><subfield code="a">Vol. 1, no. 46 (May 12, 1996)-v. 2, no. 28 (Jan. 5, 1997).</subfield></datafield><datafield ind1=" " ind2=" " tag="515"><subfield code="a">Continues issue numbering of Tri-county news.</subfield></datafield><datafield ind1=" " ind2=" " tag="752"><subfield code="a">United States</subfield><subfield code="b">Indiana</subfield><subfield code="c">Daviess</subfield><subfield code="d">Washington.</subfield></datafield><datafield ind1="0" ind2="0" tag="780"><subfield code="t">Tri-county news (Washington, Ind.)</subfield><subfield code="w">(DLC)sn 86058831</subfield></datafield></record>